@INPROCEEDINGS{alshahwan2011automated,
author={Alshahwan, N. and Harman, M.}, 
booktitle={Automated Software Engineering (ASE), 2011 26th IEEE/ACM International Conference on}, 
title={Automated web application testing using search based software engineering}, 
year={2011}, 
pages={3-12}, 
keywords={Internet;program diagnostics;program testing;SWAT;automated Web application testing;dynamic analysis;search based software engineering;search based software testing;static analysis;Acceleration;Algorithm design and analysis;HTML;Heuristic algorithms;Instruments;Testing;Vectors;Automated Test data generation;SBSE;Web applications}, 
doi={10.1109/ASE.2011.6100082}, 
ISSN={1938-4300}, 
month={Nov},}



@ARTICLE{artzi2010finding, 
author={Artzi, S. and Kiezun, A. and Dolby, J. and Tip, F. and Dig, D. and Paradkar, A. and Ernst, M.}, 
journal={Software Engineering, IEEE Transactions on}, 
title={Finding Bugs in Web Applications Using Dynamic Test Generation and Explicit-State Model Checking}, 
year={2010}, 
volume={36}, 
number={4}, 
pages={474-494}, 
keywords={program debugging;program testing;program verification;software tools;Apollo tool;HTML specification;Internet;PHP Web applications;PHP programming language;Web pages;Web script;bugs;dynamic test generation;explicit state model checking;PHP;Software testing;Web applications;dynamic analysis;reliability;verification.}, 
doi={10.1109/TSE.2010.31}, 
ISSN={0098-5589}, 
month={July},}



@article{afzal2009systematic,
 author = {Afzal, W. and Torkar, R. and Feldt, R.},
 title = {A Systematic Review of Search-based Testing for Non-functional System Properties},
 journal = {Inf. Softw. Technol.},
 issue_date = {June, 2009},
 volume = {51},
 number = {6},
 month = jun,
 year = {2009},
 issn = {0950-5849},
 pages = {957--976},
 numpages = {20},
 url = {http://dx.doi.org/10.1016/j.infsof.2008.12.005},
 doi = {10.1016/j.infsof.2008.12.005},
 acmid = {1518545},
 publisher = {Butterworth-Heinemann},
 address = {Newton, MA, USA},
 keywords = {Non-functional system properties, Search-based software testing, Systematic review},
} 




@inproceedings{halfond2009precise,
 author = {Halfond, W. and Anand, S. and Orso, A.},
 title = {Precise Interface Identification to Improve Testing and Analysis of Web Applications},
 booktitle = {Proceedings of the Eighteenth International Symposium on Software Testing and Analysis},
 series = {ISSTA '09},
 year = {2009},
 isbn = {978-1-60558-338-9},
 location = {Chicago, IL, USA},
 pages = {285--296},
 numpages = {12},
 url = {http://doi.acm.org/10.1145/1572272.1572305},
 doi = {10.1145/1572272.1572305},
 acmid = {1572305},
 publisher = {ACM},
 address = {New York, NY, USA},
 keywords = {interface identification, web application testing},
} 




@inproceedings{wassermann2008dynamic,
 author = {Wassermann, G. and Yu, D. and Chander, A. and Dhurjati, D. and Inamura, H. and Su, Z.},
 title = {Dynamic Test Input Generation for Web Applications},
 booktitle = {Proceedings of the 2008 International Symposium on Software Testing and Analysis},
 series = {ISSTA '08},
 year = {2008},
 isbn = {978-1-60558-050-0},
 location = {Seattle, WA, USA},
 pages = {249--260},
 numpages = {12},
 url = {http://doi.acm.org/10.1145/1390630.1390661},
 doi = {10.1145/1390630.1390661},
 acmid = {1390661},
 publisher = {ACM},
 address = {New York, NY, USA},
 keywords = {automatic test generation, concolic testing, directed random testing, web applications},
} 



@inproceedings{harman2012gismoe,
 author = {Harman, M. and Langdon, W. and Jia, Y. and White, D. and Arcuri, A. and Clark, J.},
 title = {The GISMOE Challenge: Constructing the Pareto Program Surface Using Genetic Programming to Find Better Programs (Keynote Paper)},
 booktitle = {Proceedings of the 27th IEEE/ACM International Conference on Automated Software Engineering},
 series = {ASE 2012},
 year = {2012},
 isbn = {978-1-4503-1204-2},
 location = {Essen, Germany},
 pages = {1--14},
 numpages = {14},
 url = {http://doi.acm.org/10.1145/2351676.2351678},
 doi = {10.1145/2351676.2351678},
 acmid = {2351678},
 publisher = {ACM},
 address = {New York, NY, USA},
 keywords = {Compilation, Genetic Programming, Non-functional Properties, Pareto Surface, SBSE, Search Based Optimization},
} 



@article{harman2011software,
 author = {Harman, M.},
 title = {Software Engineering Meets Evolutionary Computation},
 journal = {Computer},
 issue_date = {October 2011},
 volume = {44},
 number = {10},
 month = oct,
 year = {2011},
 issn = {0018-9162},
 pages = {31--39},
 numpages = {9},
 url = {http://dx.doi.org/10.1109/MC.2011.263},
 doi = {10.1109/MC.2011.263},
 acmid = {2051882},
 publisher = {IEEE Computer Society Press},
 address = {Los Alamitos, CA, USA},
 keywords = {Software engineering, Evolutionary computation, SBSE},
} 



@article{anand2013orchestrated,
 author = {Anand, S. and Burke, E. and Chen, T. and Clark, J. and Cohen, M. and Grieskamp, W. and Harman, M. and Harrold, M. and Mcminn, P.},
 title = {An Orchestrated Survey of Methodologies for Automated Software Test Case Generation},
 journal = {J. Syst. Softw.},
 issue_date = {August, 2013},
 volume = {86},
 number = {8},
 month = aug,
 year = {2013},
 issn = {0164-1212},
 pages = {1978--2001},
 numpages = {24},
 url = {http://dx.doi.org/10.1016/j.jss.2013.02.061},
 doi = {10.1016/j.jss.2013.02.061},
 acmid = {2503991},
 publisher = {Elsevier Science Inc.},
 address = {New York, NY, USA},
 keywords = {Adaptive random testing, Combinatorial testing, Model-based testing, Orchestrated survey, Search-based software testing, Software testing, Symbolic execution, Test automation, Test case generation},
} 



@misc{bouwersphp,
 author = {Bouwers, E. and Bravenboer, M.},
 title = {PHP-front: Static analysis for PHP},
 url = {strategoxt.org/PHP/PhpFront},
}



@article{bravenboer2008stratego,
 author = {Bravenboer, M. and Kalleberg, K. and Vermaas, R. and Visser, E.},
 title = {Stratego/XT 0.17. A Language and Toolset for Program Transformation},
 journal = {Sci. Comput. Program.},
 issue_date = {June, 2008},
 volume = {72},
 number = {1-2},
 month = jun,
 year = {2008},
 issn = {0167-6423},
 pages = {52--70},
 numpages = {19},
 url = {http://dx.doi.org/10.1016/j.scico.2007.11.003},
 doi = {10.1016/j.scico.2007.11.003},
 acmid = {1385715},
 publisher = {Elsevier North-Holland, Inc.},
 address = {Amsterdam, The Netherlands, The Netherlands},
 keywords = {Concrete syntax, Dynamic rewrite rules, Program transformation, Rewrite rules, Rewriting strategies, Stratego, Stratego/XT},
} 



@misc{sourceforge,
 author = {Slashdot Media},
 title = {SourceForge},
 url = {sourceforge.net},
}


@article{wassermann2007sound,
 author = {Wassermann, G. and Su, Z.},
 title = {Sound and Precise Analysis of Web Applications for Injection Vulnerabilities},
 journal = {SIGPLAN Not.},
 issue_date = {June 2007},
 volume = {42},
 number = {6},
 month = jun,
 year = {2007},
 issn = {0362-1340},
 pages = {32--41},
 numpages = {10},
 url = {http://doi.acm.org/10.1145/1273442.1250739},
 doi = {10.1145/1273442.1250739},
 acmid = {1250739},
 publisher = {ACM},
 address = {New York, NY, USA},
 keywords = {static analysis, string analysis, web applications},
} 


@article{korel1990automated,
 author = {Korel, B.},
 title = {Automated Software Test Data Generation},
 journal = {IEEE Trans. Softw. Eng.},
 issue_date = {August 1990},
 volume = {16},
 number = {8},
 month = aug,
 year = {1990},
 issn = {0098-5589},
 pages = {870--879},
 numpages = {10},
 url = {http://dx.doi.org/10.1109/32.57624},
 doi = {10.1109/32.57624},
 acmid = {101755},
 publisher = {IEEE Press},
 address = {Piscataway, NJ, USA},
 keywords = {array indexes, automated software test data generation, automatic programming, backtracking, data structures, dynamic data structures, dynamic data-flow analysis, function-minimization methods, function-minimization search algorithms, input variables, minimisation, pointers, program behavior, program execution flow, program testing, search problems.},
} 



@article{mcminn2004search,
 author = {McMinn, P.},
 title = {Search-based Software Test Data Generation: A Survey: Research Articles},
 journal = {Softw. Test. Verif. Reliab.},
 issue_date = {June 2004},
 volume = {14},
 number = {2},
 month = jun,
 year = {2004},
 issn = {0960-0833},
 pages = {105--156},
 numpages = {52},
 url = {http://dx.doi.org/10.1002/stvr.v14:2},
 doi = {10.1002/stvr.v14:2},
 acmid = {1077279},
 publisher = {John Wiley and Sons Ltd.},
 address = {Chichester, UK},
 keywords = {automated software test data generation, evolutionary algorithms, evolutionary testing, metaheuristic search, search-based software engineering, simulated annealing},
} 



@article{michael2001generating,
 author = {Michael, C. and McGraw, G. and Schatz, M.},
 title = {Generating Software Test Data by Evolution},
 journal = {IEEE Trans. Softw. Eng.},
 issue_date = {December 2001},
 volume = {27},
 number = {12},
 month = dec,
 year = {2001},
 issn = {0098-5589},
 pages = {1085--1110},
 numpages = {26},
 url = {http://dx.doi.org/10.1109/32.988709},
 doi = {10.1109/32.988709},
 acmid = {631259},
 publisher = {IEEE Press},
 address = {Piscataway, NJ, USA},
 keywords = {Software testing, automatic test case generation, code coverage, genetic algorithms, combinatorial optimization},
} 



@article{alshraideh2006search,
 author = {Alshraideh, M. and Bottaci, L.},
 title = {Search-based Software Test Data Generation for String Data Using Program-specific Search Operators: Research Articles},
 journal = {Softw. Test. Verif. Reliab.},
 issue_date = {September 2006},
 volume = {16},
 number = {3},
 month = sep,
 year = {2006},
 issn = {0960-0833},
 pages = {175--203},
 numpages = {29},
 url = {http://dx.doi.org/10.1002/stvr.v16:3},
 doi = {10.1002/stvr.v16:3},
 acmid = {1152616},
 publisher = {John Wiley and Sons Ltd.},
 address = {Chichester, UK},
 keywords = {genetic algorithms, software test data generation, string matching},
} 



@article{storn1996differential,
 author = {Storn, R. and Price, K.},
 title = {Differential Evolution \&Ndash; A Simple and Efficient Heuristic for Global Optimization over Continuous Spaces},
 journal = {J. of Global Optimization},
 issue_date = {December 1997},
 volume = {11},
 number = {4},
 month = dec,
 year = {1997},
 issn = {0925-5001},
 pages = {341--359},
 numpages = {19},
 url = {http://dx.doi.org/10.1023/A:1008202821328},
 doi = {10.1023/A:1008202821328},
 acmid = {596146},
 publisher = {Kluwer Academic Publishers},
 address = {Hingham, MA, USA},
 keywords = {Stochastic optimization, evolution strategy, genetic algorithm, global optimization, nonlinear optimization},
} 



@book{glover1997tabu,
 author = {Glover, F. and Laguna, M.},
 title = {Tabu Search},
 year = {1997},
 isbn = {079239965X},
 publisher = {Kluwer Academic Publishers},
 address = {Norwell, MA, USA},
} 



@inproceedings{krutz2015dataset,
 author = {Krutz, D. and Mirakhorli, M. and Malachowsky, S. and Ruiz, A. and Peterson, J. and Filipski, A. and Smith, J.},
 title = {A Dataset of Open-source Android Applications},
 booktitle = {Proceedings of the 12th Working Conference on Mining Software Repositories},
 series = {MSR '15},
 year = {2015},
 location = {Florence, Italy},
 pages = {522--525},
 numpages = {4},
 url = {http://dl.acm.org/citation.cfm?id=2820518.2820603},
 acmid = {2820603},
 publisher = {IEEE Press},
 address = {Piscataway, NJ, USA},
 keywords = {Android development, open-source dataset, software engineering},
} 



@inproceedings{hamasaki2013who,
 author = {Hamasaki, K. and Kula, R. and Yoshida, N. and Cruz, A. and Fujiwara, K. and Iida, H.},
 title = {Who Does What During a Code Review? Datasets of OSS Peer Review Repositories},
 booktitle = {Proceedings of the 10th Working Conference on Mining Software Repositories},
 series = {MSR '13},
 year = {2013},
 isbn = {978-1-4673-2936-1},
 location = {San Francisco, CA, USA},
 pages = {49--52},
 numpages = {4},
 url = {http://dl.acm.org/citation.cfm?id=2487085.2487096},
 acmid = {2487096},
 publisher = {IEEE Press},
 address = {Piscataway, NJ, USA},
} 




